@ARTICLE{2001PhRvL..87k5001H,
   author = {{Hawkes}, N.~C. and {Stratton}, B.~C. and {Tala}, T. and {Challis}, C.~D. and
        {Conway}, G. and {Deangelis}, R. and {Giroud}, C. and {Hobirk}, J. and
        {Joffrin}, E. and {Lomas}, P. and {Lotte}, P. and {Mailloux}, J. and
        {Mazon}, D. and {Rachlew}, E. and {Reyes-Cortes}, S. and {Solano}, E. and
        {Zastrow}, K.-D.},
    title = "{Observation of Zero Current Density in the Core of JET Discharges with Lower Hybrid Heating and Current Drive}",
  journal = {Physical Review Letters},
     year = 2001,
    month = sep,
   volume = 87,
   number = 11,
      eid = {115001},
    pages = {115001},
      doi = {10.1103/PhysRevLett.87.115001},
   adsurl = {http://adsabs.harvard.edu/abs/2001PhRvL..87k5001H},
  adsnote = {Provided by the SAO/NASA Astrophysics Data System}
}

@ARTICLE{2003math......4181M,
   author = {{Mendes Lopes}, M. and {Pardini}, R.},
    title = "{A new family of surfaces with $p\_g=0$ and $K^2=3$}",
  journal = {ArXiv Mathematics e-prints},
   eprint = {math/0304181},
 keywords = {Algebraic Geometry},
     year = 2003,
    month = apr,
   adsurl = {http://adsabs.harvard.edu/abs/2003math......4181M},
  adsnote = {Provided by the SAO/NASA Astrophysics Data System}
}

@ARTICLE{2005NucFu..45..706H,
   author = {{Hellsten}, T. and {Lax{\aa}back}, M. and {Bergkvist}, T. and
        {Johnson}, T. and {Meo}, F. and {Nguyen}, F. and {Petty}, C.~C. and
        {Mantsinen}, M. and {Matthews}, G. and {Noterdaeme}, J.-M. and
        {Tala}, T. and {Van Eester}, D. and {Andrew}, P. and {Beaumont}, P. and
        {Bobkov}, V. and {Brix}, M. and {Brzozowski}, J. and {Eriksson}, L.-G. and
        {Giroud}, C. and {Joffrin}, E. and {Kiptily}, V. and {Mailloux}, J. and
        {Mayoral}, M.-L. and {Monakhov}, I. and {Sartori}, R. and {Staebler}, A. and
        {Rachlew}, E. and {Tennfors}, E. and {Tuccillo}, A. and {Walden}, A. and 
        {Zastrow}, K.-D. and {Contributors}, J.-E.},
    title = "{On the parasitic absorption in FWCD experiments in JET ITB plasmas}",
  journal = {Nuclear Fusion},
     year = 2005,
    month = jul,
   volume = 45,
    pages = {706-720},
      doi = {10.1088/0029-5515/45/7/020},
   adsurl = {http://adsabs.harvard.edu/abs/2005NucFu..45..706H},
  adsnote = {Provided by the SAO/NASA Astrophysics Data System}
}

@ARTICLE{2006PPCF...48.1693D,
   author = {{de Vries}, P.~C. and {Rantam{\"a}ki}, K.~M. and {Giroud}, C. and
        {Asp}, E. and {Corrigan}, G. and {Eriksson}, A. and {de Greef}, M. and
        {Jenkins}, I. and {Knoops}, H.~C.~M. and {Mantica}, P. and {Nordman}, H. and
        {Strand}, P. and {Tala}, T. and {Weiland}, J. and {Zastrow}, K.-D. and
        {EFDA Contributors}, J.},
    title = "{Plasma rotation and momentum transport studies at JET}",
  journal = {Plasma Physics and Controlled Fusion},
     year = 2006,
    month = dec,
   volume = 48,
    pages = {1693-1708},
      doi = {10.1088/0741-3335/48/12/001},
   adsurl = {http://adsabs.harvard.edu/abs/2006PPCF...48.1693D},
  adsnote = {Provided by the SAO/NASA Astrophysics Data System}
}

@ARTICLE{2007NucFu..47..280T,
   author = {{Tardini}, G. and {Hobirk}, J. and {Igochine}, V.~G. and {Maggi}, C.~F. and
        {Martin}, P. and {McCune}, D. and {Peeters}, A.~G. and {Sips}, A.~C.~C. and
        {St{\"a}bler}, A. and {Stober}, J. and {ASDEX Upgrade Team}},
    title = "{Thermal ions dilution and ITG suppression in ASDEX Upgrade ion ITBs}",
  journal = {Nuclear Fusion},
     year = 2007,
    month = apr,
   volume = 47,
    pages = {280-287},
      doi = {10.1088/0029-5515/47/4/006},
   adsurl = {http://adsabs.harvard.edu/abs/2007NucFu..47..280T},
  adsnote = {Provided by the SAO/NASA Astrophysics Data System}
}

@ARTICLE{2007NucFu..47.1326A,
   author = {{Angioni}, C. and {Weisen}, H. and {Kardaun}, O.~J.~W.~F. and
        {Maslov}, M. and {Zabolotsky}, A. and {Fuchs}, C. and {Garzotti}, L. and 
        {Giroud}, C. and {Kurzan}, B. and {Mantica}, P. and {Peeters}, A.~G. and 
        {Stober}, J. and {ASDEX Upgrade Team} and {EFDA-JET Workprogramme}, c.~t.~t.
        },
    title = "{Scaling of density peaking in H-mode plasmas based on a combined database of AUG and JET observations}",
  journal = {Nuclear Fusion},
     year = 2007,
    month = sep,
   volume = 47,
    pages = {1326-1335},
      doi = {10.1088/0029-5515/47/9/033},
   adsurl = {http://adsabs.harvard.edu/abs/2007NucFu..47.1326A},
  adsnote = {Provided by the SAO/NASA Astrophysics Data System}
}

@ARTICLE{2007PPCF...49.1931E,
   author = {{Eriksson}, A. and {Nordman}, H. and {Strand}, P. and {Weiland}, J. and
        {Tala}, T. and {Asp}, E. and {Corrigan}, G. and {Giroud}, C. and
        {de Greef}, M. and {Jenkins}, I. and {Knoops}, H.~C.~M. and
        {Mantica}, P. and {Rantam{\"a}ki}, K.~M. and {de Vries}, P.~C. and
        {Zastrow}, K.-D. and {EFDA Contributors}, J.},
    title = "{Predictive simulations of toroidal momentum transport at JET}",
  journal = {Plasma Physics and Controlled Fusion},
     year = 2007,
    month = nov,
   volume = 49,
    pages = {1931-1943},
      doi = {10.1088/0741-3335/49/11/012},
   adsurl = {http://adsabs.harvard.edu/abs/2007PPCF...49.1931E},
  adsnote = {Provided by the SAO/NASA Astrophysics Data System}
}

@ARTICLE{2008NucFu..48f5006D,
   author = {{de Vries}, P.~C. and {Hua}, M.-D. and {McDonald}, D.~C. and 
	{Giroud}, C. and {Janvier}, M. and {Johnson}, M.~F. and {Tala}, T. and 
	{Zastrow}, K.-D. and {EFDA Contributors}, J.},
    title = "{Scaling of rotation and momentum confinement in JET plasmas}",
  journal = {Nuclear Fusion},
     year = 2008,
    month = jun,
   volume = 48,
   number = 6,
      eid = {065006},
    pages = {065006},
      doi = {10.1088/0029-5515/48/6/065006},
   adsurl = {http://adsabs.harvard.edu/abs/2008NucFu..48f5006D},
  adsnote = {Provided by the SAO/NASA Astrophysics Data System}
}

@ARTICLE{2008PPCF...50d5006C,
   author = {{Chapman}, I.~T. and {Jenkins}, I. and {Budny}, R.~V. and {Graves}, J.~P. and
        {Pinches}, S.~D. and {Saarelma}, S. and {EFDA Contributors}, J.
        },
    title = "{Sawtooth control using off-axis NBI}",
  journal = {Plasma Physics and Controlled Fusion},
     year = 2008,
    month = apr,
   volume = 50,
   number = 4,
      eid = {045006},
    pages = {045006},
      doi = {10.1088/0741-3335/50/4/045006},
   adsurl = {http://adsabs.harvard.edu/abs/2008PPCF...50d5006C},
  adsnote = {Provided by the SAO/NASA Astrophysics Data System}
}

@ARTICLE{2008PPCF...50c5003L,
   author = {{Lerche}, E.~A. and {Van Eester}, D. and {EFDA contributors}, J.
        },
    title = "{Improved break-in-slope analysis of the plasma energy response in tokamaks}",
  journal = {Plasma Physics and Controlled Fusion},
     year = 2008,
    month = mar,
   volume = 50,
   number = 3,
      eid = {035003},
    pages = {035003},
      doi = {10.1088/0741-3335/50/3/035003},
   adsurl = {http://adsabs.harvard.edu/abs/2008PPCF...50c5003L},
  adsnote = {Provided by the SAO/NASA Astrophysics Data System}
}

@ARTICLE{2008PhPl...15f2505H,
   author = {{Halpern}, F.~D. and {Kritz}, A.~H. and {Bateman}, G. and {Pankin}, A.~Y. and
        {Budny}, R.~V. and {McCune}, D.~C.},
    title = "{Predictive simulations of ITER including neutral beam driven toroidal rotation}",
  journal = {Physics of Plasmas},
 keywords = {Tokamaks spherical tokamaks, Plasma simulation, Transport properties, Plasma turbulence, Plasma heating by particle beams, Plasma heating by radio-frequency fields, ICR ICP helicons},
     year = 2008,
    month = jun,
   volume = 15,
   number = 6,
      eid = {062505},
    pages = {062505},
      doi = {10.1063/1.2931037},
   adsurl = {http://adsabs.harvard.edu/abs/2008PhPl...15f2505H},
  adsnote = {Provided by the SAO/NASA Astrophysics Data System}
}

@ARTICLE{2009NucFu..49e5026V,
   author = {{Voitsekhovitch}, I. and {Alper}, B. and {Brix}, M. and {Budny}, R.~V. and
        {Buratti}, P. and {Challis}, C.~D. and {Ferron}, J. and {Giroud}, C. and 
        {Joffrin}, E. and {Laborde}, L. and {Luce}, T.~C. and {McCune}, D. and
        {Menard}, J. and {Murakami}, M. and {Park}, J.~M. and {JET-EFDA contributors}
        },
    title = "{Non-inductive current drive and transport in high {$\beta$}$_{N}$ plasmas in JET}",
  journal = {Nuclear Fusion},
     year = 2009,
    month = may,
   volume = 49,
   number = 5,
      eid = {055026},
    pages = {055026},
      doi = {10.1088/0029-5515/49/5/055026},
   adsurl = {http://adsabs.harvard.edu/abs/2009NucFu..49e5026V},
  adsnote = {Provided by the SAO/NASA Astrophysics Data System}
}

@ARTICLE{2009NucFu..49g5037M,
   author = {{Maslov}, M. and {Angioni}, C. and {Weisen}, H. and {JET-EFDA contributors}
        },
    title = "{Density profile peaking in JET H-mode plasmas: experiments versus linear gyrokinetic predictions}",
  journal = {Nuclear Fusion},
     year = 2009,
    month = jul,
   volume = 49,
   number = 7,
      eid = {075037},
    pages = {075037},
      doi = {10.1088/0029-5515/49/7/075037},
   adsurl = {http://adsabs.harvard.edu/abs/2009NucFu..49g5037M},
  adsnote = {Provided by the SAO/NASA Astrophysics Data System}
}

@ARTICLE{2009PPCF...51d4008E,
   author = {{Eriksson}, L.-G. and {Hellsten}, T. and {Nave}, M.~F.~F. and
        {Brzozowski}, J. and {Holmstr{\"o}m}, K. and {Johnson}, T. and
        {Ongena}, J. and {Zastrow}, K.-D. and {JET-EFDA Contributors}
        },
    title = "{Toroidal rotation in RF heated JET plasmas}",
  journal = {Plasma Physics and Controlled Fusion},
     year = 2009,
    month = apr,
   volume = 51,
   number = 4,
      eid = {044008},
    pages = {044008},
      doi = {10.1088/0741-3335/51/4/044008},
   adsurl = {http://adsabs.harvard.edu/abs/2009PPCF...51d4008E},
  adsnote = {Provided by the SAO/NASA Astrophysics Data System}
}

@ARTICLE{2009PPCF...51c5006S,
   author = {{Salewski}, M. and {Asunta}, O. and {Eriksson}, L.-G. and {Bindslev}, H. and
        {Hyn{\"o}nen}, V. and {Korsholm}, S.~B. and {Kurki-Suonio}, T. and
        {Leipold}, F. and {Meo}, F. and {Michelsen}, P.~K. and {Nielsen}, S.~K. and
        {Roenby}, J.},
    title = "{Comparison of collective Thomson scattering signals due to fast ions in ITER scenarios with fusion and auxiliary heating}",
  journal = {Plasma Physics and Controlled Fusion},
     year = 2009,
    month = mar,
   volume = 51,
   number = 3,
      eid = {035006},
    pages = {035006},
      doi = {10.1088/0741-3335/51/3/035006},
   adsurl = {http://adsabs.harvard.edu/abs/2009PPCF...51c5006S},
  adsnote = {Provided by the SAO/NASA Astrophysics Data System}
}

@ARTICLE{2010PPCF...52d5007R,
   author = {{Romanelli}, M. and {Zocco}, A. and {Crisanti}, F. and {Contributors}, J.-E.
        },
    title = "{Fast ion stabilization of the ion temperature gradient driven modes in the Joint European Torus hybrid-scenario plasmas: a trigger mechanism for internal transport barrier formation}",
  journal = {Plasma Physics and Controlled Fusion},
     year = 2010,
    month = apr,
   volume = 52,
   number = 4,
      eid = {045007},
    pages = {045007},
      doi = {10.1088/0741-3335/52/4/045007},
   adsurl = {http://adsabs.harvard.edu/abs/2010PPCF...52d5007R},
  adsnote = {Provided by the SAO/NASA Astrophysics Data System}
}

@ARTICLE{2010PPCF...52j5007S,
   author = {{Sun}, Y. and {Liang}, Y. and {Koslowski}, H.~R. and {Jachmich}, S. and
        {Alfier}, A. and {Asunta}, O. and {Corrigan}, G. and {Giroud}, C. and
        {Gryaznevich}, M.~P. and {Harting}, D. and {Hender}, T. and
        {Nardon}, E. and {Naulin}, V. and {Parail}, V. and {Tala}, T. and
        {Wiegmann}, C. and {Wiesen}, S. and {contributors}, J.-E.},
    title = "{Toroidal rotation braking with n = 1 magnetic perturbation field on JET}",
  journal = {Plasma Physics and Controlled Fusion},
     year = 2010,
    month = oct,
   volume = 52,
   number = 10,
      eid = {105007},
    pages = {105007},
      doi = {10.1088/0741-3335/52/10/105007},
   adsurl = {http://adsabs.harvard.edu/abs/2010PPCF...52j5007S},
  adsnote = {Provided by the SAO/NASA Astrophysics Data System}
}

@ARTICLE{2012NucFu..52h3007S,
   author = {{Sun}, Y. and {Liang}, Y. and {Shaing}, K.~C. and {Liu}, Y.~Q. and
        {Koslowski}, H.~R. and {Jachmich}, S. and {Alper}, B. and {Alfier}, A. and
        {Asunta}, O. and {Buratti}, P. and {Corrigan}, G. and {Delabie}, E. and
        {Giroud}, C. and {Gryaznevich}, M.~P. and {Harting}, D. and
        {Hender}, T. and {Nardon}, E. and {Naulin}, V. and {Parail}, V. and
        {Tala}, T. and {Wiegmann}, C. and {Wiesen}, S. and {Zhang}, T. and
        {contributors}, J.-E.},
    title = "{Non-resonant magnetic braking on JET and TEXTOR}",
  journal = {Nuclear Fusion},
     year = 2012,
    month = aug,
   volume = 52,
   number = 8,
      eid = {083007},
    pages = {083007},
      doi = {10.1088/0029-5515/52/8/083007},
   adsurl = {http://adsabs.harvard.edu/abs/2012NucFu..52h3007S},
  adsnote = {Provided by the SAO/NASA Astrophysics Data System}
}

@ARTICLE{2012PPCF...54h5020B,
   author = {{Baiocchi}, B. and {Mantica}, P. and {Tala}, T. and {Corrigan}, G. and
        {Joffrin}, E. and {Kirov}, K. and {Naulin}, V. and {contributors}, J.-E.
        },
    title = "{Numerical analysis of the impact of the ion threshold, ion stiffness and temperature pedestal on global confinement and fusion performance in JET and in ITER plasmas}",
  journal = {Plasma Physics and Controlled Fusion},
     year = 2012,
    month = aug,
   volume = 54,
   number = 8,
      eid = {085020},
    pages = {085020},
      doi = {10.1088/0741-3335/54/8/085020},
   adsurl = {http://adsabs.harvard.edu/abs/2012PPCF...54h5020B},
  adsnote = {Provided by the SAO/NASA Astrophysics Data System}
}

@ARTICLE{2013PPCF...55b5010B,
   author = {{Baiocchi}, B. and {Mantica}, P. and {Giroud}, C. and {Johnson}, T. and
        {Naulin}, V. and {Salmi}, A. and {Tala}, T. and {Tsalas}, M. and
        {JET-EFDA}, c.},
    title = "{Discriminating the role of rotation and its gradient in determining ion stiffness mitigation in JET}",
  journal = {Plasma Physics and Controlled Fusion},
     year = 2013,
    month = feb,
   volume = 55,
   number = 2,
      eid = {025010},
    pages = {025010},
      doi = {10.1088/0741-3335/55/2/025010},
   adsurl = {http://adsabs.harvard.edu/abs/2013PPCF...55b5010B},
  adsnote = {Provided by the SAO/NASA Astrophysics Data System}
}

@ARTICLE{2013arXiv1302.5586B,
   author = {{Baghdadi}, R. and {Cohen}, A. and {Guelton}, S. and {Verdoolaege}, S. and
        {Inoue}, J. and {Grosser}, T. and {Kouveli}, G. and {Kravets}, A. and
        {Lokhmotov}, A. and {Nugteren}, C. and {Waters}, F. and {Donaldson}, A.~F.
        },
    title = "{PENCIL: Towards a Platform-Neutral Compute Intermediate Language for DSLs}",
  journal = {ArXiv e-prints},
archivePrefix = "arXiv",
   eprint = {1302.5586},
 primaryClass = "cs.PL",
 keywords = {Computer Science - Programming Languages, Computer Science - Distributed, Parallel, and Cluster Computing},
     year = 2013,
    month = feb,
   adsurl = {http://adsabs.harvard.edu/abs/2013arXiv1302.5586B},
  adsnote = {Provided by the SAO/NASA Astrophysics Data System}
}

@ARTICLE{2014NucFu..54c3002M,
   author = {{Mayoral}, M.-L. and {Bobkov}, V. and {Czarnecka}, A. and {Day}, I. and
        {Ekedahl}, A. and {Jacquet}, P. and {Goniche}, M. and {King}, R. and
        {Kirov}, K. and {Lerche}, E. and {Mailloux}, J. and {Van Eester}, D. and 
        {Asunta}, O. and {Challis}, C. and {Ciric}, D. and {Coenen}, J.~W. and
        {Colas}, L. and {Giroud}, C. and {Graham}, M. and {Jenkins}, I. and
        {Joffrin}, E. and {Jones}, T. and {King}, D. and {Kiptily}, V. and
        {Klepper}, C.~C. and {Maggi}, C. and {Maggiora}, R. and {Marcotte}, F. and
        {Matthews}, G. and {Milanesio}, D. and {Monakhov}, I. and {Nightingale}, M. and
        {Neu}, R. and {Ongena}, J. and {P{\"u}tterich}, T. and {Riccardo}, V. and
        {Rimini}, F. and {Strachan}, J. and {Surrey}, E. and {Thompson}, V. and
        {Van Rooij}, G. and {EFDA Contributors}, J.},
    title = "{On the challenge of plasma heating with the JET metallic wall}",
  journal = {Nuclear Fusion},
archivePrefix = "arXiv",
   eprint = {1309.0948},
 primaryClass = "physics.plasm-ph",
     year = 2014,
    month = mar,
   volume = 54,
   number = 3,
      eid = {033002},
    pages = {033002},
      doi = {10.1088/0029-5515/54/3/033002},
   adsurl = {http://adsabs.harvard.edu/abs/2014NucFu..54c3002M},
  adsnote = {Provided by the SAO/NASA Astrophysics Data System}
}

@ARTICLE{2015arXiv150101247V,
   author = {{van der Poel}, E.~P. and {Ostilla M{\'o}nico}, R. and {Donners}, J. and
        {Verzicco}, R.},
    title = "{A pencil distributed finite difference code for strongly turbulent wall-bounded flows}",
  journal = {ArXiv e-prints},
archivePrefix = "arXiv",
   eprint = {1501.01247},
 primaryClass = "physics.flu-dyn",
 keywords = {Physics - Fluid Dynamics, Physics - Computational Physics},
     year = 2015,
    month = jan,
   adsurl = {http://adsabs.harvard.edu/abs/2015arXiv150101247V},
  adsnote = {Provided by the SAO/NASA Astrophysics Data System}
}

